<?xml version="1.0" encoding="UTF-8"?><collection xmlns="http://www.loc.gov/MARC21/slim"><record><leader>00517nam--2200133-i-4500</leader><controlfield tag="001">000027367</controlfield><controlfield tag="002">20161230</controlfield><controlfield tag="005">20161230201036</controlfield><controlfield tag="008">060222s1000------------r-----000-0-eng-d</controlfield><datafield ind1=" " ind2=" " tag="100"><subfield code="a">Herscovici, B</subfield></datafield><datafield ind1=" " ind2=" " tag="245"><subfield code="a">Panoiu, a</subfield></datafield><datafield ind1=" " ind2=" " tag="260"><subfield code="a">Aspecte Ale Comportarii Unor Materiale Electroizolante Solide La Arcul Electric De Mare Putere In Camerele De Stingere Ale Intrerupatoarelor Cu Ulei Putin De Medie Tensiune</subfield></datafield><datafield ind1=" " ind2=" " tag="490"><subfield code="a">A Doua Conferinta A Electricienilor.Ii .Sectia Transformatoare Si Aparate Electrice</subfield></datafield><datafield ind1=" " ind2=" " tag="852"><subfield code="a">621.31</subfield></datafield></record></collection>